%! Author = lizardwizard
%! Date = 28/05/2025


@article{livingontheedge,
author = {Amelunxen, Dennis and Lotz, Martin and McCoy, Michael and Tropp, Joel},
year = {2013},
month = {03},
pages = {},
title = {Living on the edge: Phase transitions in convex programs with random data},
volume = {3},
journal = {Information and Inference},
doi = {10.1093/imaiai/iau005}
}

@article{convexgeom,
   title={The Convex Geometry of Linear Inverse Problems},
   volume={12},
%   url={http://dx.doi.org/10.1007/s10208-012-9135-7},
   DOI={10.1007/s10208-012-9135-7},
   number={6},
   journal={Foundations of Computational Mathematics},
   publisher={Springer Science and Business Media LLC},
   author={Chandrasekaran, Venkat and Recht, Benjamin and Parrilo, Pablo A. and Willsky, Alan S.},
   year={2012},
   month=oct, pages={805–849} }

@book{mathintro,
author = {Foucart, S. and Rauhut, Holger},
year = {2013},
month = {01},
title = {A mathematical introduction to compressive sensing},
series = {Applied and Numerical Harmonic Analysis},
publisher={Springer New York}
}

@book{rockafellar,
  title={Convex Analysis},
  author={Rockafellar, R.T.},
%  isbn={9780691015866},
%  lccn={68056318},
  series={Princeton Landmarks in Mathematics and Physics},
%  url={https://books.google.com.ua/books?id=1TiOka9bx3sC},
  year={1997},
  publisher={Princeton University Press}
}

@article{statdim,
   title={From Steiner Formulas for Cones to Concentration of Intrinsic Volumes},
   volume={51},
   DOI={10.1007/s00454-014-9595-4},
   journal={Discrete & Computational Geometry},
   publisher={Springer Science and Business Media LLC},
   author={McCoy, Michael B. and Tropp, Joel A.},
   year={2014},
   month=apr, pages={926–963} }

@article{chambolle,
author = {Chambolle, Antonin and Pock, Thomas},
year = {2011},
month = {05},
title = {A First-Order Primal-Dual Algorithm for Convex Problems with Applications to Imaging},
volume = {40},
journal = {Journal of Mathematical Imaging and Vision},
doi = {10.1007/s10851-010-0251-1}
}